<?xml version="1.0" encoding="UTF-8"?><collection xmlns="http://www.loc.gov/MARC21/slim"><record><leader>00502nam--2200145-i-4500</leader><controlfield tag="001">000010911</controlfield><controlfield tag="002">20161230</controlfield><controlfield tag="005">20161230201029</controlfield><controlfield tag="008">060222s1000------------r-----000-0-eng-d</controlfield><datafield ind1=" " ind2=" " tag="080"><subfield code="a">543.53(047.L)</subfield></datafield><datafield ind1=" " ind2=" " tag="100"><subfield code="a">Brichet Evelyne , Jerome Dominique Y. And Philippot Jean-claude</subfield></datafield><datafield ind1=" " ind2=" " tag="245"><subfield code="a">Determination of 29 elements in luna 16 soil by non-destructive activation analysis</subfield></datafield><datafield ind1=" " ind2=" " tag="260"><subfield code="a">Amsterdam, North-holland Company, 1972 437 - 440 P</subfield></datafield><datafield ind1=" " ind2=" " tag="490"><subfield code="a">Earth And Planetary Science Letters,</subfield></datafield><datafield ind1=" " ind2=" " tag="852"><subfield code="a">40.403</subfield></datafield></record></collection>